% Bibliography for Hybrid Systems Identification Workshop
% Based on Paoletti et al. (2007) and recent advances

@article{paoletti2007identification,
  title={Identification of hybrid systems: a tutorial},
  author={Paoletti, Simone and Juloski, Aleksandar Lj and Ferrari-Trecate, Giancarlo and Vidal, Ren{\'e}},
  journal={European Journal of Control},
  volume={13},
  number={2-3},
  pages={242--260},
  year={2007},
  publisher={Elsevier}
}

% Classical PWA and Hybrid Systems References
@article{sontag1981nonlinear,
  title={Nonlinear regulation: the piecewise linear approach},
  author={Sontag, Eduardo D},
  journal={IEEE Transactions on Automatic Control},
  volume={26},
  number={2},
  pages={346--358},
  year={1981},
  publisher={IEEE}
}

@article{bemporad1999control,
  title={Control of systems integrating logic, dynamics, and constraints},
  author={Bemporad, Alberto and Morari, Manfred},
  journal={Automatica},
  volume={35},
  number={3},
  pages={407--427},
  year={1999},
  publisher={Elsevier}
}

% Algebraic Procedure References
@inproceedings{vidal2003algebraic,
  title={An algebraic geometric approach to the identification of a class of linear hybrid systems},
  author={Vidal, Ren{\'e} and Soatto, Stefano and Ma, Yi and Sastry, Shankar},
  booktitle={Proceedings of the 42nd IEEE Conference on Decision and Control},
  pages={167--172},
  year={2003},
  organization={IEEE}
}

@article{ma2005identification,
  title={Identification of deterministic switched ARX systems via identification of algebraic varieties},
  author={Ma, Yi and Vidal, Ren{\'e}},
  journal={Hybrid Systems: Computation and Control},
  pages={449--465},
  year={2005},
  publisher={Springer}
}

% Clustering-based Procedure References
@article{ferrari2003clustering,
  title={A clustering technique for the identification of piecewise affine systems},
  author={Ferrari-Trecate, Giancarlo and Muselli, Marco and Liberati, Diego and Morari, Manfred},
  journal={Automatica},
  volume={39},
  number={2},
  pages={205--217},
  year={2003},
  publisher={Elsevier}
}

@article{ferrari2003conditions,
  title={Conditions of optimal classification for piecewise affine regression},
  author={Ferrari-Trecate, Giancarlo and Schinkel, Marco},
  journal={Hybrid Systems: Computation and Control},
  pages={188--202},
  year={2003},
  publisher={Springer}
}

% Bayesian Procedure References
@article{juloski2005bayesian,
  title={A Bayesian approach to identification of hybrid systems},
  author={Juloski, Aleksandar and Wieland, Stefan and Heemels, WPMH},
  journal={IEEE Transactions on Automatic Control},
  volume={50},
  number={10},
  pages={1520--1533},
  year={2005},
  publisher={IEEE}
}

@inproceedings{juloski2006bayesian,
  title={A Bayesian approach to the identification of piecewise linear output error models},
  author={Juloski, Aleksandar and Weiland, Siep and Heemels, WPMH},
  booktitle={Proceedings of the 14th IFAC Symposium on System Identification},
  pages={374--379},
  year={2006}
}

% Bounded-error Procedure References
@article{bemporad2005bounded,
  title={A bounded-error approach to piecewise affine system identification},
  author={Bemporad, Alberto and Garulli, Andrea and Paoletti, Simone and Vicino, Antonio},
  journal={IEEE Transactions on Automatic Control},
  volume={50},
  number={10},
  pages={1567--1580},
  year={2005},
  publisher={IEEE}
}

@phdthesis{paoletti2004identification,
  title={Identification of piecewise affine models},
  author={Paoletti, Simone},
  year={2004},
  school={University of Siena}
}

% Recent Advances - Neural Networks and Machine Learning
@article{chen2024deep,
  title={Deep networks for system identification: A survey},
  author={Chen, Tianshi and Ljung, Lennart and Tiels, Koen},
  journal={Automatica},
  volume={161},
  pages={111489},
  year={2024},
  publisher={Elsevier}
}

@article{andersson2019system,
  title={System identification for hybrid systems using neural networks},
  author={Andersson, Carl and Ribeiro, Antonio H and Tiels, Koen and Wahlstr{\"o}m, Niklas and Sch{\"o}n, Thomas B},
  journal={arXiv preprint arXiv:1911.12663},
  year={2019}
}

@inproceedings{moore2021approximate,
  title={Approximate piecewise affine decomposition of neural networks},
  author={Moore, Russell and Lygeros, John},
  booktitle={IFAC-PapersOnLine},
  volume={54},
  number={7},
  pages={395--400},
  year={2021},
  publisher={Elsevier}
}

% Online and Adaptive Methods
@article{yang2021online,
  title={Online identification of piecewise affine systems using integral concurrent learning},
  author={Yang, Xiaodi and Dufek, Jan and Arvin, Farshad},
  journal={IEEE Transactions on Automatic Control},
  volume={66},
  number={9},
  pages={4377--4384},
  year={2021},
  publisher={IEEE}
}

@article{lu2020pwa,
  title={A PWA model identification method for nonlinear systems using hierarchical clustering based on the gap metric},
  author={Lu, Lei and Liu, Zuhua and Wang, Hongye and Su, Hongye},
  journal={Computers \& Chemical Engineering},
  volume={140},
  pages={106895},
  year={2020},
  publisher={Elsevier}
}

% Recent Survey Papers
@article{lauer2023models,
  title={Models and methods for hybrid system identification: a systematic survey},
  author={Lauer, Fabien and Bloch, G{\'e}rard},
  journal={IFAC-PapersOnLine},
  volume={56},
  number={2},
  pages={7577--7589},
  year={2023},
  publisher={Elsevier}
}

% Modern Advanced Methods from Survey
@article{yu2025dainarx,
  title={Derivative-Agnostic Inference of Nonlinear Hybrid Systems},
  author={Yu, Hao and Chen, Xiang and Liu, Wei},
  journal={arXiv preprint arXiv:2507.16426},
  year={2025}
}

@inproceedings{bracht2024famos,
  title={FaMoS-Fast Model Learning for Hybrid Cyber-Physical Systems using Decision Trees},
  author={Bracht, Aaron and Meyer, Philipp and Fey, G{\'o}rschwin},
  booktitle={Proceedings of Hybrid Systems: Computation and Control},
  year={2024}
}

@article{learnha2023,
  title={Learning nonlinear hybrid automata from input-output time-series data},
  author={Authors, Multiple},
  journal={Automatica},
  year={2023}
}

@inproceedings{hysynth2021,
  title={Synthesis of hybrid automata with affine dynamics from time-series data},
  author={Lyu, Yangzi and Steiner, Stefan and Ye, Liren},
  booktitle={HSCC '21: Proceedings of the 24th International Conference on Hybrid Systems: Computation and Control},
  year={2021}
}

@article{posehad2021,
  title={A Passive Online Technique for Learning Hybrid Automata from Input/Output Traces},
  author={Tappler, Martin and Aichernig, Bernhard K and Bloem, Roderick},
  journal={arXiv preprint arXiv:2101.07053},
  year={2021}
}

@article{dayekh2022active,
  title={Active Learning for Nonlinear System Identification with Guarantees},
  author={Dayekh, Sameh and Kirsten, Manuel and van de Wouw, Nathan},
  journal={Journal of Machine Learning Research},
  volume={23},
  pages={1--42},
  year={2022}
}

@article{madary2022bayesian,
  title={Hierarchical identification of nonlinear hybrid systems in a Bayesian framework},
  author={Madary, Adam and Thorsen, Erik and Nielsen, Lars},
  journal={Automatica},
  volume={145},
  pages={110538},
  year={2022},
  publisher={Elsevier}
}

@book{lauer2019hybrid,
  title={Hybrid System Identification: Theory and Algorithms for Learning Switching Models},
  author={Lauer, Fabien},
  year={2019},
  publisher={Springer}
}

% Variational Autoencoder Approaches
@inproceedings{zhao2021variational,
  title={A variational autoencoder approach for identification of hybrid piecewise systems},
  author={Zhao, Yiming and Xie, Lei and de Schutter, Bart},
  booktitle={2021 European Control Conference (ECC)},
  pages={1847--1852},
  year={2021},
  organization={IEEE}
}

% Linear Separation Techniques
@article{bennett1992robust,
  title={Robust linear programming discrimination of two linearly inseparable sets},
  author={Bennett, Kristin P and Mangasarian, Olvi L},
  journal={Optimization Methods and Software},
  volume={1},
  number={1},
  pages={23--34},
  year={1992},
  publisher={Taylor \& Francis}
}

@article{cortes1995support,
  title={Support-vector networks},
  author={Cortes, Corinna and Vapnik, Vladimir},
  journal={Machine Learning},
  volume={20},
  number={3},
  pages={273--297},
  year={1995},
  publisher={Springer}
}

% Applications
@article{juloski2004data,
  title={Data-based hybrid modelling of the component placement process in pick-and-place machines},
  author={Juloski, Aleksandar and Heemels, WPMH and Ferrari-Trecate, Giancarlo},
  journal={Control Engineering Practice},
  volume={12},
  number={10},
  pages={1241--1252},
  year={2004},
  publisher={Elsevier}
}

@article{borrelli2006mpc,
  title={An MPC/hybrid system approach to traction control},
  author={Borrelli, Francesco and Bemporad, Alberto and Fodor, Mato and Hrovat, Davor},
  journal={IEEE Transactions on Control Systems Technology},
  volume={14},
  number={3},
  pages={541--552},
  year={2006},
  publisher={IEEE}
}

% MIN PFS and Optimization
@article{amaldi2002min,
  title={The MIN PFS problem and piecewise linear model estimation},
  author={Amaldi, Edoardo and Mattavelli, Marco},
  journal={Discrete Applied Mathematics},
  volume={118},
  number={1-2},
  pages={115--143},
  year={2002},
  publisher={Elsevier}
}

% Mixed-Integer Programming Approaches
@article{roll2004identification,
  title={Identification of piecewise affine systems via mixed-integer programming},
  author={Roll, Jacob and Bemporad, Alberto and Ljung, Lennart},
  journal={Automatica},
  volume={40},
  number={1},
  pages={37--50},
  year={2004},
  publisher={Elsevier}
}

% System Biology Applications
@article{ferrari2007hybrid,
  title={Hybrid identification methods for the reconstruction of genetic regulatory networks},
  author={Ferrari-Trecate, Giancarlo},
  booktitle={Proceedings of the European Control Conference},
  year={2007}
}

% Equivalence Results
@article{heemels2001equivalence,
  title={Equivalence of hybrid dynamical models},
  author={Heemels, WPMH and De Schutter, Bart and Bemporad, Alberto},
  journal={Automatica},
  volume={37},
  number={7},
  pages={1085--1091},
  year={2001},
  publisher={Elsevier}
}

% Persistence of Excitation
@article{vidal2004recursive,
  title={Recursive identification of switched ARX hybrid models: exponential convergence and persistence of excitation},
  author={Vidal, Ren{\'e} and Anderson, Brian DO},
  booktitle={Proceedings of the 43rd IEEE Conference on Decision and Control},
  pages={32--37},
  year={2004},
  organization={IEEE}
}

% Adaline Neural Networks for PWA
@article{poorhemati2017piecewise,
  title={Piecewise Affine Hybrid System Identification Using Adaline Neural Network},
  author={Poorhemati, N and Keighobadi, J and Narimani, M},
  journal={Modares Mechanical Engineering},
  volume={17},
  number={5},
  pages={89--98},
  year={2017}
}

% Centralized vs Distributed Identification
@article{chen2021piecewise,
  title={Piecewise affine system identification based on centralized and distributed strategies},
  author={Chen, Tianshi and Andersen, Michael Sebek and Ljung, Lennart and Chiuso, Alessandro},
  journal={Mathematical Problems in Engineering},
  volume={2021},
  article={4618030},
  year={2021},
  publisher={Hindawi}
}